@article{michelot2019movehmm,
  title={moveHMM: An R package for the analysis of animal movement data},
  author={Michelot, T. and Langrock, R. and Patterson, T.A.},
  journal={ArXiv Preprint},
  pages={1--24},
  year={2019}
}

@article{michelot2016movehmm,
  title={moveHMM: an R package for the statistical modelling of animal movement data using hidden Markov models},
  author={Michelot, T. and Langrock, R. and Patterson, T.A.},
  journal={Methods in Ecology and Evolution},
  volume={7},
  number={11},
  pages={1308--1315},
  year={2016},
  publisher={Wiley Online Library}
}


@book{zucchini2016hidden,
  title={Hidden Markov Models for Time Series: An Introduction Using R},
  author={Zucchini, W. and MacDonald, I.L. and Langrock, R.},
  year={2016},
  publisher={Chapman and Hall/CRC Press}
}

@article{patterson2008state,
  title={State--space models of individual animal movement},
  author={Patterson, T.A. and Thomas, L. and Wilcox, C. and Ovaskainen, O. and Matthiopoulos, J.},
  journal={Trends in ecology \& evolution},
  volume={23},
  number={2},
  pages={87--94},
  year={2008},
  publisher={Elsevier}
}

